<?xml version="1.0" encoding="UTF-8"?>
<!-- This file has been placed in the public domain -->
<!-- Sample camt.053 according to the interpretation of the German DK rules -->
<!-- IBANs have been randomly generated with a BBAN of 12345678 -->
<Document xmlns="urn:iso:std:iso:20022:tech:xsd:camt.053.001.02" xmlns:xsi="http://www.w3.org/2001/XMLSchema-instance" xsi:schemaLocation="urn:iso:std:iso:20022:tech:xsd:camt.053.001.02 camt.053.001.02.xsd">
    <BkToCstmrStmt>
        <GrpHdr>
            <MsgId>msg-001</MsgId>
            <CreDtTm>2020-07-03T12:44:40+05:30</CreDtTm>
        </GrpHdr>
        <Stmt>
            <Id>stmt-001</Id>
            <CreDtTm>2020-07-03T11:00:40+05:30</CreDtTm>
            <Acct>
                <Id>
                    <IBAN>DE54123456784713474163</IBAN>
                </Id>
            </Acct>
            <Bal>
                <Tp>
                    <CdOrPrtry>
                        <Cd>PRCD</Cd>
                    </CdOrPrtry>
                </Tp>
                <Amt Ccy="EUR">500</Amt>
                <CdtDbtInd>CRDT</CdtDbtInd>
                <Dt>
                    <Dt>2020-07-03</Dt>
                </Dt>
            </Bal>

            <!-- Credit due to incoming SCT -->
            <Ntry>
                <Amt Ccy="EUR">100.00</Amt>
                <CdtDbtInd>CRDT</CdtDbtInd>
                <Sts>BOOK</Sts>
                <BookgDt>
                    <Dt>2020-07-02</Dt>
                </BookgDt>
                <ValDt>
                    <Dt>2020-07-04</Dt>
                </ValDt>
                <AcctSvcrRef>acctsvcrref-001</AcctSvcrRef>
                <BkTxCd>
                    <Domn>
                        <Cd>PMNT</Cd>
                        <Fmly>
                            <Cd>RCDT</Cd>
                            <SubFmlyCd>ESCT</SubFmlyCd>
                        </Fmly>
                    </Domn>
                    <Prtry>
                        <Cd>166</Cd>
                        <Issr>DK</Issr>
                    </Prtry>
                </BkTxCd>
                <NtryDtls>
                    <TxDtls>
                        <Refs>
                            <EndToEndId>e2e-001</EndToEndId>
                        </Refs>
                        <BkTxCd>
                            <Domn>
                                <Cd>PMNT</Cd>
                                <Fmly>
                                    <Cd>RCDT</Cd>
                                    <SubFmlyCd>ESCT</SubFmlyCd>
                                </Fmly>
                            </Domn>
                            <Prtry>
                                <Cd>NTRF+166</Cd>
                                <Issr>DK</Issr>
                            </Prtry>
                        </BkTxCd>
                        <RltdPties>
                            <Dbtr>
                                <Nm>Debtor One</Nm>
                            </Dbtr>
                            <DbtrAcct>
                                <Id>
                                    <IBAN>DE52123456789473323175</IBAN>
                                </Id>
                            </DbtrAcct>
                            <UltmtDbtr>
                                <Nm>Ultimate Debtor One</Nm>
                            </UltmtDbtr>
                            <Cdtr>
                                <Nm>Creditor One</Nm>
                            </Cdtr>
                            <UltmtCdtr>
                                <Nm>Ultimate Creditor One</Nm>
                            </UltmtCdtr>
                        </RltdPties>
                        <Purp>
                            <Cd>GDDS</Cd>
                        </Purp>
                        <RmtInf>
                            <Ustrd>unstructured info one</Ustrd>
                        </RmtInf>
                    </TxDtls>
                </NtryDtls>
                <AddtlNtryInf>SEPA GUTSCHRIFT</AddtlNtryInf>
            </Ntry>

            <!-- Entry to illustrate multiple ustrd elements -->
            <Ntry>
                <Amt Ccy="EUR">50.00</Amt>
                <CdtDbtInd>CRDT</CdtDbtInd>
                <Sts>BOOK</Sts>
                <BookgDt>
                    <Dt>2020-07-02</Dt>
                </BookgDt>
                <ValDt>
                    <Dt>2020-07-04</Dt>
                </ValDt>
                <AcctSvcrRef>acctsvcrref-002</AcctSvcrRef>
                <BkTxCd>
                    <Domn>
                        <Cd>PMNT</Cd>
                        <Fmly>
                            <Cd>RCDT</Cd>
                            <SubFmlyCd>ESCT</SubFmlyCd>
                        </Fmly>
                    </Domn>
                    <Prtry>
                        <Cd>166</Cd>
                        <Issr>DK</Issr>
                    </Prtry>
                </BkTxCd>
                <!-- Credit due to incoming SCT -->
                <NtryDtls>
                    <TxDtls>
                        <Refs>
                            <EndToEndId>e2e-002</EndToEndId>
                        </Refs>
                        <BkTxCd>
                            <Domn>
                                <Cd>PMNT</Cd>
                                <Fmly>
                                    <Cd>RCDT</Cd>
                                    <SubFmlyCd>ESCT</SubFmlyCd>
                                </Fmly>
                            </Domn>
                            <Prtry>
                                <Cd>NTRF+166</Cd>
                                <Issr>DK</Issr>
                            </Prtry>
                        </BkTxCd>
                        <RltdPties>
                            <Dbtr>
                                <Nm>Debtor One</Nm>
                            </Dbtr>
                            <DbtrAcct>
                                <Id>
                                    <IBAN>DE52123456789473323175</IBAN>
                                </Id>
                            </DbtrAcct>
                            <Cdtr>
                                <Nm>Creditor One</Nm>
                            </Cdtr>
                        </RltdPties>
                        <RmtInf>
                            <Ustrd>unstructured </Ustrd>
                            <Ustrd>info </Ustrd>
                            <Ustrd>across </Ustrd>
                            <Ustrd>lines</Ustrd>
                        </RmtInf>
                    </TxDtls>
                </NtryDtls>
            </Ntry>

            <!--
            Credit due to a return resulting from a batch payment initiation where only one payment failed.
            This data was obtained by doing a transaction on a GLS Bank account, but we've replaced
            the account's IBAN with a random one.
            Note how the original creditor and debtor are preserved and not flipped.
            Unfortunately the original payment didn't have an end-to-end ID, so it would be harder
            to correlate this message to the original payment initiation -->
            <Ntry>
                <Amt Ccy="EUR">1.12</Amt>
                <CdtDbtInd>CRDT</CdtDbtInd>
                <Sts>BOOK</Sts>
                <BookgDt>
                    <Dt>2020-06-30</Dt>
                </BookgDt>
                <ValDt>
                    <Dt>2020-06-30</Dt>
                </ValDt>
                <AcctSvcrRef>2020063011423362000</AcctSvcrRef>
                <BkTxCd>
                    <Domn>
                        <Cd>PMNT</Cd>
                        <Fmly>
                            <Cd>ICDT</Cd>
                            <SubFmlyCd>RRTN</SubFmlyCd>
                        </Fmly>
                    </Domn>
                    <Prtry>
                        <Cd>NRTI+159+00931</Cd>
                        <Issr>DK</Issr>
                    </Prtry>
                </BkTxCd>
                <NtryDtls>
                    <TxDtls>
                        <Refs>
                            <EndToEndId>NOTPROVIDED</EndToEndId>
                        </Refs>
                        <AmtDtls>
                            <TxAmt>
                                <Amt Ccy="EUR">1.12</Amt>
                            </TxAmt>
                        </AmtDtls>
                        <BkTxCd>
                            <Domn>
                                <Cd>PMNT</Cd>
                                <Fmly>
                                    <Cd>ICDT</Cd>
                                    <SubFmlyCd>RRTN</SubFmlyCd>
                                </Fmly>
                            </Domn>
                            <Prtry>
                                <Cd>NRTI+159+00931</Cd>
                                <Issr>DK</Issr>
                            </Prtry>
                        </BkTxCd>
                        <RltdPties>
                            <Dbtr>
                                <Nm>Account Owner</Nm>
                            </Dbtr>
                            <DbtrAcct>
                                <Id>
                                    <IBAN>DE54123456784713474163</IBAN>
                                </Id>
                            </DbtrAcct>
                            <Cdtr>
                                <Nm>Nonexistent Creditor</Nm>
                            </Cdtr>
                            <CdtrAcct>
                                <Id>
                                    <IBAN>DE24500105177398216438</IBAN>
                                </Id>
                            </CdtrAcct>
                        </RltdPties>
                        <RmtInf>
                            <Ustrd>Retoure SEPA Ueberweisung vom 29.06.2020, Rueckgabegrund: AC01 IBAN fehlerhaft und ungültig SVWZ: RETURN, Sammelposten Nummer Zwei IBAN: DE2</Ustrd>
                            <Ustrd>4500105177398216438 BIC: INGDDEFFXXX</Ustrd>
                        </RmtInf>
                        <RtrInf>
                            <OrgnlBkTxCd>
                                <Prtry>
                                    <Cd>116</Cd>
                                    <Issr>DK</Issr>
                                </Prtry>
                            </OrgnlBkTxCd>
                            <Orgtr>
                                <Id>
                                    <OrgId>
                                        <BICOrBEI>GENODEM1GLS</BICOrBEI>
                                    </OrgId>
                                </Id>
                            </Orgtr>
                            <Rsn>
                                <Cd>AC01</Cd>
                            </Rsn>
                            <AddtlInf>IBAN fehlerhaft und ungültig</AddtlInf>
                        </RtrInf>
                    </TxDtls>
                </NtryDtls>
                <AddtlNtryInf>Retouren</AddtlNtryInf>
            </Ntry>

            <!-- Credit due to incoming USD transfer -->
            <Ntry>
                <Amt Ccy="EUR">1000</Amt>
                <CdtDbtInd>CRDT</CdtDbtInd>
                <Sts>BOOK</Sts>
                <BookgDt>
                    <Dt>2020-07-03</Dt>
                </BookgDt>
                <ValDt>
                    <Dt>2020-07-04</Dt>
                </ValDt>
                <AcctSvcrRef>acctsvcrref-002</AcctSvcrRef>
                <BkTxCd>
                    <Domn>
                        <Cd>PMNT</Cd>
                        <Fmly>
                            <Cd>RCDT</Cd>
                            <SubFmlyCd>XBCT</SubFmlyCd>
                        </Fmly>
                    </Domn>
                    <Prtry>
                        <Cd>NTRF+202</Cd>
                        <Issr>DK</Issr>
                    </Prtry>
                </BkTxCd>
                <NtryDtls>
                    <TxDtls>
                        <AmtDtls>
                            <InstdAmt>
                                <Amt Ccy="USD">1500</Amt>
                            </InstdAmt>
                            <TxAmt>
                                <Amt Ccy="EUR">1000</Amt>
                            </TxAmt>
                            <CntrValAmt>
                                <Amt Ccy="EUR">1250.0</Amt>
                                <CcyXchg>
                                    <SrcCcy>USD</SrcCcy>
                                    <TrgtCcy>EUR</TrgtCcy>
                                    <XchgRate>1.20</XchgRate>
                                </CcyXchg>
                            </CntrValAmt>
                        </AmtDtls>
                        <BkTxCd>
                            <Domn>
                                <Cd>PMNT</Cd>
                                <Fmly>
                                    <Cd>RCDT</Cd>
                                    <SubFmlyCd>XBCT</SubFmlyCd>
                                </Fmly>
                            </Domn>
                            <Prtry>
                                <Cd>NTRF+202</Cd>
                                <Issr>DK</Issr>
                            </Prtry>
                        </BkTxCd>
                        <Chrgs>
                            <Amt Ccy="EUR">250.00</Amt>
                        </Chrgs>
                        <RltdPties>
                            <Dbtr>
                                <Nm>Mr USA</Nm>
                                <PstlAdr>
                                    <Ctry>US</Ctry>
                                    <AdrLine>42 Some Street</AdrLine>
                                    <AdrLine>4242 Somewhere</AdrLine>
                                </PstlAdr>
                            </Dbtr>
                            <DbtrAcct>
                                <Id>
                                    <Othr>
                                        <Id>9876543</Id>
                                    </Othr>
                                </Id>
                            </DbtrAcct>
                        </RltdPties>
                        <RltdAgts>
                            <DbtrAgt>
                                <FinInstnId>
                                    <BIC>BANKUSNY</BIC>
                                </FinInstnId>
                            </DbtrAgt>
                        </RltdAgts>
                        <RmtInf>
                            <Ustrd>Invoice No. 4242</Ustrd>
                        </RmtInf>
                    </TxDtls>
                </NtryDtls>
                <AddtlNtryInf>AZV-UEBERWEISUNGSGUTSCHRIFT</AddtlNtryInf>
            </Ntry>

            <Ntry>
                <Amt Ccy="EUR">48.42</Amt>
                <CdtDbtInd>DBIT</CdtDbtInd>
                <Sts>BOOK</Sts>
                <BookgDt>
                    <Dt>2020-07-07</Dt>
                </BookgDt>
                <ValDt>
                    <Dt>2020-07-07</Dt>
                </ValDt>
                <AcctSvcrRef>acctsvcrref-005</AcctSvcrRef>
                <BkTxCd>
                    <Domn>
                        <Cd>PMNT</Cd>
                        <Fmly>
                            <Cd>ICDT</Cd>
                            <SubFmlyCd>ESCT</SubFmlyCd>
                        </Fmly>
                    </Domn>
                </BkTxCd>
                <AmtDtls>
                    <TxAmt>
                        <Amt Ccy="CHF">46.3</Amt>
                    </TxAmt>
                </AmtDtls>
                <NtryDtls>
                    <Btch>
                        <MsgId>UXC20070700006</MsgId>
                        <PmtInfId>UXC20070700006PI00001</PmtInfId>
                        <NbOfTxs>2</NbOfTxs>
                        <TtlAmt Ccy="EUR">46.3</TtlAmt>
                        <CdtDbtInd>DBIT</CdtDbtInd>
                    </Btch>
                    <TxDtls>
                        <AmtDtls>
                            <TxAmt>
                                <Amt Ccy="EUR">23.1</Amt>
                            </TxAmt>
                        </AmtDtls>
                        <BkTxCd>
                            <Domn>
                                <Cd>PMNT</Cd>
                                <Fmly>
                                    <Cd>ICDT</Cd>
                                    <SubFmlyCd>ESCT</SubFmlyCd>
                                </Fmly>
                            </Domn>
                        </BkTxCd>
                        <RltdPties>
                            <Cdtr>
                                <Nm>Zahlungsempfaenger 23, ZA 5, DE</Nm>
                                <PstlAdr>
                                    <Ctry>DE</Ctry>
                                    <AdrLine>DE Adresszeile 1</AdrLine>
                                    <AdrLine>DE Adresszeile 2</AdrLine>
                                </PstlAdr>
                            </Cdtr>
                            <CdtrAcct>
                                <Id>
                                    <IBAN>DE32733516350012345678</IBAN>
                                </Id>
                            </CdtrAcct>
                        </RltdPties>
                        <RltdAgts>
                            <CdtrAgt>
                                <FinInstnId>
                                    <BIC>BYLADEM1ALR</BIC>
                                </FinInstnId>
                            </CdtrAgt>
                        </RltdAgts>
                    </TxDtls>
                    <TxDtls>
                        <Refs>
                            <MsgId>asdfasdf</MsgId>
                            <AcctSvcrRef>5j3k453k45</AcctSvcrRef>
                            <PmtInfId>6j564l56</PmtInfId>
                            <InstrId>6jl5lj65afasdf</InstrId>
                            <EndToEndId>jh45k34h5l</EndToEndId>
                        </Refs>
                        <AmtDtls>
                            <TxAmt>
                                <Amt Ccy="EUR">23.2</Amt>
                            </TxAmt>
                        </AmtDtls>
                        <BkTxCd>
                            <Domn>
                                <Cd>PMNT</Cd>
                                <Fmly>
                                    <Cd>ICDT</Cd>
                                    <SubFmlyCd>ESCT</SubFmlyCd>
                                </Fmly>
                            </Domn>
                            <Prtry>
                                <Cd>K25</Cd>
                            </Prtry>
                        </BkTxCd>
                        <RltdPties>
                            <Cdtr>
                                <Nm>Zahlungsempfaenger 23, ZA 5, AT</Nm>
                                <PstlAdr>
                                    <Ctry>AT</Ctry>
                                    <AdrLine>AT Adresszeile 1</AdrLine>
                                    <AdrLine>AT Adresszeile 2</AdrLine>
                                </PstlAdr>
                            </Cdtr>
                            <CdtrAcct>
                                <Id>
                                    <IBAN>AT071100000012345678</IBAN>
                                </Id>
                            </CdtrAcct>
                        </RltdPties>
                        <RltdAgts>
                            <CdtrAgt>
                                <FinInstnId>
                                    <BIC>BKAUATWW</BIC>
                                </FinInstnId>
                            </CdtrAgt>
                        </RltdAgts>
                    </TxDtls>
                </NtryDtls>
                <AddtlNtryInf>Order</AddtlNtryInf>
            </Ntry>

        </Stmt>
    </BkToCstmrStmt>
</Document>
